﻿@Article{Levandosky1998,
  author={Steven Levandosky},
  title={Stability and Instability of Fourth-Order Solitary Waves},
  journal={Journal of Dynamics and Differential Equations},
  year={1998},
  month={Jan},
  day={01},
  volume={10},
  number={1},
  pages={151-188},
  abstract={We study ground-state traveling wave solutions of a fourth-order wave equation. We find conditions on the speed of the waves which imply stability and instability of the solitary waves. The analysis depends on the variational characterization of the ground states rather than information about the linearized operator.},
  issn={1572-9222},
  doi={10.1023/A:1022644629950},
  url={https://doi.org/10.1023/A:1022644629950}
}

@book{wheeden1977measure,
  title={Measure and Integral: An Introduction to Real Analysis},
  author={Richard L. Wheeden, Antoni Zygmund},
  isbn={9780824764999},
  lccn={77014167},
  series={Chapman \& Hall/CRC Pure and Applied Mathematics},
  url={https://books.google.pl/books?id=YDkDmQ\_hdmcC},
  year={1977},
  publisher={Taylor \& Francis}
}

@book{gelbaum1964counterexamples,
  title={Counterexamples in Analysis},
  author={Bernard R. Gelbaum, John M. H. Olmsted},
  isbn={9780486428758},
  lccn={64021715},
  series={Mathesis series},
  url={https://books.google.pl/books?id=UftQAAAAMAAJ},
  year={1964},
  publisher={Holden-Day}
}
